<record><leader>00000cas a22000007a 4500</leader><controlfield tag="001">13476038</controlfield><controlfield tag="008">860422d18611863wvudr ne      0    0eng d</controlfield><datafield ind1=" " ind2=" " tag="010"><subfield code="a">sn 86092509 </subfield></datafield><datafield ind1=" " ind2=" " tag="040"><subfield code="a">WVC</subfield><subfield code="b">eng</subfield><subfield code="c">WVC</subfield><subfield code="d">DLC</subfield><subfield code="d">OCL</subfield><subfield code="d">NVK</subfield><subfield code="d">OCLCQ</subfield><subfield code="d">OCLCF</subfield><subfield code="d">OCLCO</subfield></datafield><datafield ind1="1" ind2=" " tag="029"><subfield code="a">AU@</subfield><subfield code="b">000024123442</subfield></datafield><datafield ind1=" " ind2=" " tag="042"><subfield code="a">msc</subfield></datafield><datafield ind1=" " ind2=" " tag="043"><subfield code="a">n-us-wv</subfield></datafield><datafield ind1="0" ind2="0" tag="245"><subfield code="a">Wheeling daily press.</subfield></datafield><datafield ind1=" " ind2=" " tag="260"><subfield code="a">Wheeling, Va. [W. Va.] :</subfield><subfield code="b">Trowbridge &amp; Downey</subfield></datafield><datafield ind1=" " ind2=" " tag="300"><subfield code="a">v.</subfield></datafield><datafield ind1=" " ind2=" " tag="310"><subfield code="a">Daily (except Sunday)</subfield></datafield><datafield ind1="1" ind2=" " tag="362"><subfield code="a">Began in 1861; ceased in 1863.</subfield><subfield code="z">Cf. Norona and Shetler. W. Va. Imprints.</subfield></datafield><datafield ind1=" " ind2=" " tag="500"><subfield code="a">Publishers: Trowbridge &amp; Co., 1861-2; Allen Gittings (with John S. Carlile), 1863.</subfield></datafield><datafield ind1=" " ind2=" " tag="500"><subfield code="a">Editor: A.S. Trowbridge.</subfield></datafield><datafield ind1=" " ind2=" " tag="580"><subfield code="a">Issued also in a tri-weekly edition: Tri-weekly press (non-extant); and in a weekly edition: Weekly press (non-extant).</subfield></datafield><datafield ind1=" " ind2=" " tag="588"><subfield code="a">Description based on: Vol. 1, no. 68 (Oct. 8, 1861).</subfield></datafield><datafield ind1=" " ind2="0" tag="651"><subfield code="a">Wheeling (W. Va.)</subfield><subfield code="v">Newspapers.</subfield></datafield><datafield ind1=" " ind2="7" tag="655"><subfield code="a">Newspapers.</subfield><subfield code="2">fast</subfield><subfield code="0">(OCoLC)fst01423814</subfield></datafield><datafield ind1=" " ind2="7" tag="651"><subfield code="a">West Virginia</subfield><subfield code="z">Wheeling.</subfield><subfield code="2">fast</subfield><subfield code="0">(OCoLC)fst01213675</subfield></datafield><datafield ind1=" " ind2=" " tag="752"><subfield code="a">United States</subfield><subfield code="b">West Virginia</subfield><subfield code="c">Ohio</subfield><subfield code="d">Wheeling.</subfield></datafield><datafield ind1="1" ind2=" " tag="775"><subfield code="t">Tri-weekly press</subfield></datafield><datafield ind1="1" ind2=" " tag="775"><subfield code="t">Weekly press</subfield></datafield><datafield ind1="0" ind2="0" tag="780"><subfield code="t">Daily press (Wheeling, Va.)</subfield><subfield code="w">(DLC)sn 86092508</subfield></datafield></record>